<record><leader>00000cas a2200000 i 4500</leader><controlfield tag="001">28452194</controlfield><controlfield tag="008">930715d19131920scudn ne      0    0eng c</controlfield><datafield ind1=" " ind2=" " tag="010"><subfield code="a">sn 93067901 </subfield></datafield><datafield ind1=" " ind2=" " tag="040"><subfield code="a">SVN</subfield><subfield code="b">eng</subfield><subfield code="e">rda</subfield><subfield code="c">SVN</subfield><subfield code="d">OCLCQ</subfield><subfield code="d">SPW</subfield><subfield code="d">OCLCO</subfield><subfield code="d">OCLCF</subfield><subfield code="d">SUC</subfield></datafield><datafield ind1=" " ind2=" " tag="042"><subfield code="a">msc</subfield></datafield><datafield ind1=" " ind2=" " tag="043"><subfield code="a">n-us-sc</subfield></datafield><datafield ind1="0" ind2="4" tag="245"><subfield code="a">The journal and the Carolina Spartan.</subfield></datafield><datafield ind1=" " ind2="1" tag="264"><subfield code="a">Spartanburg, S.C. :</subfield><subfield code="b">Journal Publishing Company</subfield></datafield><datafield ind1=" " ind2=" " tag="300"><subfield code="a">volumes</subfield></datafield><datafield ind1=" " ind2=" " tag="310"><subfield code="a">Daily (except Sunday)</subfield></datafield><datafield ind1=" " ind2=" " tag="336"><subfield code="a">text</subfield><subfield code="2">rdacontent</subfield></datafield><datafield ind1=" " ind2=" " tag="337"><subfield code="a">unmediated</subfield><subfield code="2">rdamedia</subfield></datafield><datafield ind1=" " ind2=" " tag="338"><subfield code="a">volume</subfield><subfield code="2">rdacarrier</subfield></datafield><datafield ind1="1" ind2=" " tag="362"><subfield code="a">Began with May 28, 1913; ceased with January 3, 1920.</subfield></datafield><datafield ind1=" " ind2=" " tag="530"><subfield code="a">Archived issues are available in digital format as part of the Library of Congress Chronicling America online collection.</subfield></datafield><datafield ind1=" " ind2=" " tag="588"><subfield code="a">Description based on: May 28, 1913; title from masthead.</subfield></datafield><datafield ind1=" " ind2=" " tag="588"><subfield code="a">Latest issue consulted: January 3, 1920.</subfield></datafield><datafield ind1=" " ind2="0" tag="651"><subfield code="a">Spartanburg (S.C.)</subfield><subfield code="v">Newspapers.</subfield></datafield><datafield ind1=" " ind2="0" tag="651"><subfield code="a">Spartanburg County (S.C.)</subfield><subfield code="v">Newspapers.</subfield></datafield><datafield ind1=" " ind2="7" tag="651"><subfield code="a">South Carolina</subfield><subfield code="z">Spartanburg.</subfield><subfield code="2">fast</subfield><subfield code="0">(OCoLC)fst01202729</subfield></datafield><datafield ind1=" " ind2="7" tag="651"><subfield code="a">South Carolina</subfield><subfield code="z">Spartanburg County.</subfield><subfield code="2">fast</subfield><subfield code="0">(OCoLC)fst01210992</subfield></datafield><datafield ind1=" " ind2="7" tag="655"><subfield code="a">Newspapers.</subfield><subfield code="2">fast</subfield><subfield code="0">(OCoLC)fst01423814</subfield></datafield><datafield ind1=" " ind2=" " tag="752"><subfield code="a">United States</subfield><subfield code="b">South Carolina</subfield><subfield code="c">Spartanburg</subfield><subfield code="d">Spartanburg.</subfield></datafield><datafield ind1="0" ind2="4" tag="780"><subfield code="t">Journal (Spartanburg, S.C.)</subfield><subfield code="w">(DLC)sn 93067877</subfield><subfield code="w">(OCoLC)28467790</subfield></datafield><datafield ind1="0" ind2="4" tag="780"><subfield code="t">Carolina Spartan (Spartanburg, S.C. : 1898)</subfield><subfield code="w">(DLC)sn 93067884</subfield><subfield code="w">(OCoLC)28452217</subfield></datafield><datafield ind1="0" ind2="0" tag="785"><subfield code="t">Spartanburg journal and the Carolina Spartan</subfield><subfield code="w">(DLC)sn 86071066</subfield><subfield code="w">(OCoLC)13090555</subfield></datafield><datafield ind1="4" ind2="1" tag="856"><subfield code="u">http://chroniclingamerica.loc.gov/lccn/sn93067901/issues/</subfield></datafield><datafield ind1="1" ind2=" " tag="029"><subfield code="a">AU@</subfield><subfield code="b">000025895454</subfield></datafield></record>